<?xml version="1.0" encoding="UTF-8"?><collection xmlns="http://www.loc.gov/MARC21/slim"><record><leader>00362nam--2200121-i-4500</leader><controlfield tag="001">000014389</controlfield><controlfield tag="002">20161230</controlfield><controlfield tag="005">20161230201030</controlfield><controlfield tag="008">060222s1000------------r-----000-0-eng-d</controlfield><datafield ind1=" " ind2=" " tag="100"><subfield code="a">Boumans, P.W.J.M</subfield></datafield><datafield ind1=" " ind2=" " tag="245"><subfield code="a">Line coincidence tables for inductively couple d plasma atomic emission spectrometry</subfield></datafield><datafield ind1=" " ind2=" " tag="260"><subfield code="a">Oxford, Pergamon Press, 1980 428-896 Tbl</subfield></datafield><datafield ind1=" " ind2=" " tag="852"><subfield code="a">70778</subfield></datafield></record></collection>